% Introduction

@online{intro-silverfort,
  title    = {What is Adaptive Authentication ?},
  subtitle = {Adaptive Authentication vs. Traditional Authentication},
  url      = {https://www.silverfort.com/glossary/adaptive-authentication/#adaptive-authentication-vs-traditional-authentication-pros-and-cons},
  urldate  = {2024-05-15}
}

@online{intro-descope,
  title    = {What Is Adaptive Authentication (and When to Use It)},
  url      = {https://www.descope.com/learn/post/adaptive-authentication#benefits-and-drawbacks-of-adaptive-authentication},
  urldate  = {2024-05-15}
}

@online{intro-logintc,
  title    = {Adaptive Authentication},
  url      = {https://www.logintc.com/types-of-authentication/adaptive-authentication/},
  urldate  = {2024-05-15}
}

@online{intro-incognia,
  title    = {What is Adaptive Authentication and its advantages?},
  url      = {https://www.incognia.com/the-authentication-reference/what-is-adaptive-authentication},
  urldate  = {2024-05-15}
}

% Auth factors

@online{auth-factors-aratek,
  title    = {5 Authentication Factors: A Guide From Passwords to Biometrics},
  url      = {https://www.aratek.co/news/5-authentication-factors-a-guide-from-passwords-to-biometrics},
  urldate  = {2024-05-15}
}

@online{auth-factors-descope,
  title    = {What Is Multi-Factor Authentication (MFA)?},
  url      = {https://www.descope.com/learn/post/mfa},
  urldate  = {2024-05-15}
}

@online{auth-factors-rublon,
  title    = {What Are the Three Authentication Factors?},
  url      = {https://rublon.com/blog/what-are-the-three-authentication-factors/},
  urldate  = {2024-05-15}
}

@online{auth-factors-sumologic,
  title    = {Authentication factor - definition & overview},
  subtitle = {Five authentication factor categories and how they work},
  url      = {https://www.sumologic.com/glossary/authentication-factor/},
  urldate  = {2024-05-15}
}

@ARTICLE{auth-factors-globalknowledge,
  author   = {James Michael Stewart},
  title    = {The three types of multi-factor authentication(MFA)},
  subtitle = {What is multi-factor authentication?},
  url      = {https://www.globalknowledge.com/us-en/resources/resource-library/articles/the-three-types-of-multi-factor-authentication-mfa/},
  date     = {2018-06-26},
  urldate  = {2024-05-15}
}

@online{auth-factors-aratek-5,
  title    = {The three types of multi-factor authentication(MFA)},
  subtitle = {What is multi-factor authentication?},
  url      = {https://www.globalknowledge.com/us-en/resources/resource-library/articles/the-three-types-of-multi-factor-authentication-mfa/},
  urldate  = {2024-05-15}
}

% Existing solutions
%% Okta
@online{existing-okta,
  title    = {Okta Adaptive Multi-Factor Authentication },
  url      = {https://www.okta.com/sites/default/files/okta_mfa-datasheet.pdf},
  urldate  = {2024-05-15}
}

@online{existing-okta-lowrisk,
  title    = {Customize Adaptive MFA},
  subtitle = {Examples of low-risk, high-confidence scenarios},
  url      = {https://auth0.com/docs/secure/multi-factor-authentication/adaptive-mfa/customize-adaptive-mfa#examples-of-low-risk-high-confidence-scenarios},
  urldate  = {2024-05-15}
}

@online{existing-okta-syslog,
  title    = {Org-level security - ThreatInsight},
  subtitle = {System Log events for Okta ThreatInsight},
  url      = {https://help.okta.com/en-us/content/topics/security/threat-insight/configure-threatinsight-system-log.htm},
  urldate  = {2024-05-15}
}

@online{existing-okta-risk-scoring,
  title    = {Org-level security},
  subtitle = {Risk scoring},
  url      = {https://help.okta.com/oie/en-us/content/topics/security/security_risk_scoring.htm},
  urldate  = {2024-05-15}
}

@online{existing-okta-confidence,
  title    = {Customize Adaptive MFA},
  subtitle = {Confidence scores},
  url      = {https://auth0.com/docs/secure/multi-factor-authentication/adaptive-mfa/customize-adaptive-mfa#confidence-scores},
  urldate  = {2024-05-15}
}

%% CITRIX
@misc{existing-citrix-wiki,
    author = "{Wikipedia contributors}",
    title = "Citrix Systems --- {Wikipedia}{,} The Free Encyclopedia",
    year = "2024",
    url = "https://en.wikipedia.org/w/index.php?title=Citrix_Systems&oldid=1201987825",
    urldate  = {2024-05-17}
}

@ARTICLE{existing-citrix-blog,
  author   = {Vijaya Raghavan},
  title    = {Introducing Citrix Adaptive Authentication},
  url      = {https://www.citrix.com/blogs/2022/06/01/introducing-citrix-adaptive-authentication/},
  urldate  = {2024-05-15},
  date     = {2022-06-01}
}

@online{existing-citrix-device-posture,
  title    = {Device Posture},
  url      = {https://docs.citrix.com/en-us/device-posture.html},
  urldate  = {2024-05-15},
  date     = {2024-02-22}
}

%% One Login
@online{existing-onelogin,
  title    = {What is Adaptive Authentication?},
  url      = {https://www.onelogin.com/learn/what-why-adaptive-authentication},
  urldate  = {2024-05-15},
}

@online{existing-onelogin-vigilance,
  title    = {Vigilance AI™ Threat Engine},
  url      = {https://www.onelogin.com/product/vigilance-ai},
  urldate  = {2024-05-15},
}

@online{existing-onelogin-score-insights,
  title    = {Get Score Insights},
  url      = {https://developers.onelogin.com/api-docs/2/vigilance/get-scores},
  urldate  = {2024-05-15},
}

@online{existing-onelogin-score,
  title    = {Get a Risk Score},
  url      = {https://developers.onelogin.com/api-docs/2/vigilance/verify},
  urldate  = {2024-05-15},
}

%% Silverfort
@online{example_silverfort,
  title        = {Risk-Based Authentication},
  url          = {https://www.silverfort.com/use-cases/risk-based-authentication/},
  urldate  = {2024-05-17}
}

@online{existing-silverfort-risk,
  title    = {Adaptive Authentication},
  url      = {https://www.silverfort.com/glossary/adaptive-authentication},
  urldate  = {2024-05-15}
}

@online{existing-silverfort-analysis,
  title    = {Adaptive Authentication},
  subtitle = {How can adaptive authentication detect that a user account is compromised?},
  url      = {https://www.silverfort.com/glossary/adaptive-authentication/#adaptive-authentication-vs-traditional-authentication-pros-and-cons},
  urldate  = {2024-05-15}
}


%% Beyond Identity
@online{existing-beyond-identity,
  title    = {What Is Risk-Based Authentication?},
  url      = {https://www.beyondidentity.com/blog/what-risk-based-authentication},
  urldate  = {2024-05-15},
  date     = {2021-01-09} 
}

%% Keycloak
@online{keycloak-spi,
  title = {Introduction to the Service Provider Interfaces},
  url = {https://docs.oracle.com/javase/tutorial/sound/SPI-intro.html},
  organization = {Oracle},
  year = {2024},
  urldate  = {2024-05-17}
}

@online{keycloak-web,
  title = {Keycloak - Open Source Identity and Access Management},
  year = 2024,
  url = {https://www.keycloak.org/},
  urldate  = {2024-05-17}
}

@online{ keycloak-spi-config,
    title = "Keycloak - Configuring providers",
    year = "2023",
    url = "https://www.keycloak.org/server/configuration-provider",
    urldate  = {2024-05-17}
  }

@online{ keycloak-auth-flows,
    title = "Keycloak - Server administration - Authentication flows",
    year = "2023",
    url = "https://www.keycloak.org/docs/latest/server_admin/#_authentication-flows",
    urldate  = {2024-05-17}
  }

%% Specification
@ARTICLE{spec-poc,
  title    = {What is a proof of concept (POC)?},
  url      = {https://www.techtarget.com/searchcio/definition/proof-of-concept-POC},
  author   = {Alexander S. Gillis},
  urldate  = {2024-05-15},
  date     = {2023-03} 
}

%% Implementation

@online{impl-dao,
  title = {Core J2EE Patterns - Data Access Object},
  url = {https://www.oracle.com/java/technologies/dataaccessobject.html},
  organization = {Oracle},
  year = {2001-2002},
  urldate  = {2024-05-17}
}

@online{impl-rest,
  title    = {What is a REST API},
  url      = {https://www.redhat.com/en/topics/api/what-is-a-rest-api},
  urldate  = {2024-05-15},
  date     = {2020-05-08}
}

@ARTICLE{impl-single-responsibility,
  title    = {The Single Responsibility Principle},
  url      = {https://blog.cleancoder.com/uncle-bob/2014/05/08/SingleReponsibilityPrinciple.html},
  author   = {Robert C. Martin},
  urldate  = {2024-05-15},
  date     = {2014-05-08}
}

@online{ quarkus-reactive,
    title = "Quarkus Reactive Architecture",
    url = "https://quarkus.io/guides/quarkus-reactive-architecture",
    urldate  = {2024-05-17}
  }

%% Conclusion
@ARTICLE{conclusion-accidental-complexity,
  title    = {Accidental and Essential Complexity — Programming Word of the Day},
  url      = {https://medium.com/background-thread/accidental-and-essential-complexity-programming-word-of-the-day-b4db4d2600d4},
  author   = {Marin Benčević},
  urldate  = {2024-05-17},
  date     = {2018-07-10}
}